@book{Cormen:2001:IA:580470,
 author = {Cormen, Thomas H. and Stein, Clifford and Rivest, Ronald L. and Leiserson, Charles E.},
 title = {Introduction to Algorithms},
 year = {2001},
 isbn = {0070131511},
 edition = {2nd},
 publisher = {McGraw-Hill Higher Education}
} 

@article{10.2307/2003354,
 ISSN = {00255718, 10886842},
 URL = {http://www.jstor.org/stable/2003354},
 author = {James W. Cooley, John W. Tukey},
 journal = {Mathematics of Computation},
 number = {90},
 pages = {297-301},
 publisher = {American Mathematical Society},
 title = {An Algorithm for the Machine Calculation of Complex Fourier Series},
 volume = {19},
 year = {1965}
}
@misc{fft,
  author = {Pythonic Perambulations},
  title = {Understanding the FFT algorithm},
  howpublished = "\url{https://jakevdp.github.io/blog/2013/08/28/understanding-the-fft/}"
}

